@article{shorten2007mathematical,
  title={A mathematical model of fatigue in skeletal muscle force contraction},
  author={Shorten, Paul R and Oâ€™Callaghan, Paul and Davidson, John B and Soboleva, Tanya K},
  journal={Journal of muscle research and cell motility},
  volume={28},
  number={6},
  pages={293--313},
  year={2007},
  doi={http://dx.doi.org/10.1007/s10974-007-9125-6},
  publisher={Springer}
}

@article{cairns1998role,
  title={Role of extracellular [Ca2+] in fatigue of isolated mammalian skeletal muscle},
  author={Cairns, Simeon P and Hing, Wayne A and Slack, John R and Mills, Roland G and Loiselle, Denis S},
  journal={Journal of applied physiology},
  volume={84},
  number={4},
  pages={1395--1406},
  year={1998},
  publisher={American Physiological Society Bethesda, MD}
}

@article{cairns2003changes,
  title={Changes of action potentials and force at lowered [Na+] o in mouse skeletal muscle: implications for fatigue},
  author={Cairns, Simeon P and Buller, Sarah J and Loiselle, Denis S and Renaud, Jean-Marc},
  journal={American Journal of Physiology-Cell Physiology},
  volume={285},
  number={5},
  pages={C1131--C1141},
  year={2003},
  publisher={American Physiological Society}
}

@article{cairns2008multiple,
  title={Do multiple ionic interactions contribute to skeletal muscle fatigue?},
  author={Cairns, SP and Lindinger, MI},
  journal={The Journal of physiology},
  volume={586},
  number={17},
  pages={4039--4054},
  year={2008},
  publisher={Wiley Online Library}
}

@article{edman1964role,
  title={On the role of calcium in the excitation-contraction process of frog sartorius muscle},
  author={Edman, KAP and Grieve, DW},
  journal={The Journal of physiology},
  volume={170},
  number={1},
  pages={138},
  year={1964},
  publisher={Wiley-Blackwell}
}

@article{flucher2017and,
  title={How and why are calcium currents curtailed in the skeletal muscle voltage-gated calcium channels?},
  author={Flucher, Bernhard E and Tuluc, Petronel},
  journal={The Journal of physiology},
  volume={595},
  number={5},
  pages={1451--1463},
  year={2017},
  publisher={Wiley Online Library}
}

@article{jeftinija2007cav,
  title={The CaV 1.2 Ca2+ channel is expressed in sarcolemma of type I and IIa myofibers of adult skeletal muscle},
  author={Jeftinija, Du{\v{s}}an M and Wang, Qing Bo and Hebert, Sadie L and Norris, Christopher M and Yan, Zhen and Rich, Mark M and Kraner, Susan D},
  journal={Muscle \& Nerve: Official Journal of the American Association of Electrodiagnostic Medicine},
  volume={36},
  number={4},
  pages={482--490},
  year={2007},
  publisher={Wiley Online Library}
}

@article{wang2008riluzole,
  title={Riluzole-induced block of voltage-gated Na+ current and activation of BKCa channels in cultured differentiated human skeletal muscle cells},
  author={Wang, Ya-Jean and Lin, Ming-Wei and Lin, An-An and Wu, Sheng-Nan},
  journal={Life sciences},
  volume={82},
  number={1-2},
  pages={11--20},
  year={2008},
  publisher={Elsevier}
}

@article{noble1991role,
  title={The Role of Sodium-Calcium Exchange during the Cardiac Action Potential a},
  author={Noble, D and Noble, SJ and Bett, GCL and Earm, YE and Ho, WK and So, IK},
  journal={Annals of the New York Academy of Sciences},
  volume={639},
  number={1},
  pages={334--353},
  year={1991},
  publisher={Wiley Online Library}
}

@article{kimura1987identification,
  title={Identification of sodium-calcium exchange current in single ventricular cells of guinea-pig.},
  author={Kimura, JUNKO and Miyamae, SHUNICH and Noma, AKINORI},
  journal={The Journal of Physiology},
  volume={384},
  number={1},
  pages={199--222},
  year={1987},
  publisher={Wiley Online Library}
}

@article{michel2014function,
  title={Function and regulation of the Na+-Ca2+ exchanger NCX3 splice variants in brain and skeletal muscle},
  author={Michel, Lauriane YM and Verkaart, Sjoerd and Koopman, Werner JH and Willems, Peter HGM and Hoenderop, Joost GJ and Bindels, Ren{\'e} JM},
  journal={Journal of Biological Chemistry},
  volume={289},
  number={16},
  pages={11293--11303},
  year={2014},
  publisher={ASBMB}
}

@article{di1985model,
  title={A model of cardiac electrical activity incorporating ionic pumps and concentration changes},
  author={Di Francesco, Dario and Noble, Denis},
  journal={Philosophical Transactions of the Royal Society of London. B, Biological Sciences},
  volume={307},
  number={1133},
  pages={353--398},
  year={1985},
  publisher={The Royal Society London}
}

@article{lindblad1996model,
  title={A model of the action potential and underlying membrane currents in a rabbit atrial cell},
  author={Lindblad, DS and Murphey, CR and Clark, JW and Giles, WR},
  journal={American Journal of Physiology-Heart and Circulatory Physiology},
  volume={271},
  number={4},
  pages={H1666--H1696},
  year={1996}
}

@article{garny2015opencor,
  title={OpenCOR: a modular and interoperable approach to computational biology},
  author={Garny, Alan and Hunter, Peter J},
  journal={Frontiers in physiology},
  volume={6},
  pages={26},
  year={2015},
  publisher={Frontiers}
}

@article{cifuentes2000sodium,
  title={Sodium/calcium exchange in amphibian skeletal muscle fibers and isolated transverse tubules},
  author={Cifuentes, Fredy and Vergara, Julio and Hidalgo, Cecilia},
  journal={American Journal of Physiology-Cell Physiology},
  volume={279},
  number={1},
  pages={C89--C97},
  year={2000},
  publisher={American Physiological Society Bethesda, MD}
}

@article{sacchetto1996colocalization,
  title={Colocalization of the dihydropyridine receptor, the plasma-membrane calcium ATPase isoform 1 and the sodium/calcium exchanger to the junctional-membrane domain of transverse tubules of rabbit skeletal muscle},
  author={Sacchetto, Roberta and Margreth, Alfredo and Pelosi, Michele and Carafoli, Ernesto},
  journal={European journal of biochemistry},
  volume={237},
  number={2},
  pages={483--488},
  year={1996},
  publisher={Wiley Online Library}
}

@article{edman1964role,
  title={On the role of calcium in the excitation-contraction process of frog sartorius muscle},
  author={Edman, KAP and Grieve, DW},
  journal={The Journal of physiology},
  volume={170},
  number={1},
  pages={138},
  year={1964},
  publisher={Wiley-Blackwell}
}



